<?xml version="1.0" encoding="UTF-8"?>
<OAI-PMH xmlns="http://www.openarchives.org/OAI/2.0/" xmlns:xsi="http://www.w3.org/2001/XMLSchema-instance" xsi:schemaLocation="http://www.openarchives.org/OAI/2.0/ http://www.openarchives.org/OAI/2.0/OAI-PMH.xsd">
  <ListRecords>
    <record>
      <header>
        <identifier>aleph-publish:012361333</identifier>
      </header>
      <metadata>
        <record xmlns="http://www.ddb.de/professionell/mabxml/mabxml-1.xsd">
          <leader>00232nM2.01200024------u</leader>
          <controlfield tag="LDR">00232nM2.01200024------u</controlfield>
          <controlfield tag="FMT">MU</controlfield>
          <datafield tag="001" ind1="-" ind2="1">
            <subfield code="a">TT000166861</subfield>
          </datafield>
          <datafield tag="001" ind1="-" ind2="2">
            <subfield code="a">TT000034241</subfield>
          </datafield>
          <datafield tag="002" ind1="a" ind2="1">
            <subfield code="a">19980807</subfield>
          </datafield>
          <datafield tag="002" ind1="a" ind2="2">
            <subfield code="a">19980807</subfield>
          </datafield>
          <datafield tag="004" ind1="-" ind2="1">
            <subfield code="a">20031211</subfield>
          </datafield>
          <datafield tag="004" ind1="-" ind2="2">
            <subfield code="a">20031211</subfield>
          </datafield>
          <datafield tag="010" ind1="-" ind2="1">
            <subfield code="a">TT000034241</subfield>
          </datafield>
          <controlfield tag="030">a|1uc||||||||</controlfield>
          <controlfield tag="050">a|||||||||||||</controlfield>
          <controlfield tag="051">a|||||||</controlfield>
          <datafield tag="070" ind1="-" ind2="1">
            <subfield code="a">MHS</subfield>
          </datafield>
          <datafield tag="070" ind1="-" ind2="2">
            <subfield code="a">E 10</subfield>
          </datafield>
          <datafield tag="070" ind1="a" ind2="1">
            <subfield code="a">MHS</subfield>
          </datafield>
          <datafield tag="070" ind1="a" ind2="2">
            <subfield code="a">E 10</subfield>
          </datafield>
          <controlfield tag="089">Tonkassette</controlfield>
          <datafield tag="090" ind1="-" ind2="1">
            <subfield code="a">Tonkassette</subfield>
          </datafield>
          <datafield tag="100" ind1="b" ind2="2">
            <subfield code="a">Lemmermann, Heinz</subfield>
            <subfield code="b">[Hrsg.]</subfield>
          </datafield>
          <datafield tag="331" ind1="-" ind2="2">
            <subfield code="a">&lt;&lt;Die&gt;&gt; Sonnenblume [Medienkombination]</subfield>
          </datafield>
          <datafield tag="334" ind1="-" ind2="2">
            <subfield code="a">Medienkombination</subfield>
          </datafield>
          <datafield tag="335" ind1="-" ind2="2">
            <subfield code="a">99 Lieder für Kinder ; Grundschule</subfield>
          </datafield>
          <datafield tag="359" ind1="-" ind2="2">
            <subfield code="a">[hrsg. von] Heinz Lemmermann</subfield>
          </datafield>
          <datafield tag="410" ind1="-" ind2="2">
            <subfield code="a">Boppard [u.a.]</subfield>
          </datafield>
          <datafield tag="412" ind1="-" ind2="2">
            <subfield code="a">Fidula</subfield>
          </datafield>
          <datafield tag="425" ind1="-" ind2="1">
            <subfield code="a">[1992]</subfield>
          </datafield>
          <datafield tag="425" ind1="-" ind2="2">
            <subfield code="a">[s.a.]</subfield>
          </datafield>
          <datafield tag="425" ind1="a" ind2="1">
            <subfield code="a">1992</subfield>
          </datafield>
          <datafield tag="425" ind1="a" ind2="2">
            <subfield code="a">s.a.</subfield>
          </datafield>
          <datafield tag="433" ind1="-" ind2="1">
            <subfield code="a">1 Kompaktkassette</subfield>
          </datafield>
          <datafield tag="461" ind1="-" ind2="2">
            <subfield code="a">Zugabe ; 4</subfield>
          </datafield>
          <datafield tag="551" ind1="a" ind2="1">
            <subfield code="a">FC 57</subfield>
          </datafield>
          <controlfield tag="SYS">012361333</controlfield>
        </record>
      </metadata>
    </record>
  </ListRecords>
</OAI-PMH>
